
    <zs:record>
      <zs:recordSchema/>
      <zs:recordPacking>xml</zs:recordPacking>
      <zs:recordData>
        <record xmlns="http://www.loc.gov/MARC21/slim">
          <leader>02700cam a2200421 i 4500</leader>
          <controlfield tag="001">22400883</controlfield>
          <controlfield tag="005">20220210094949.0</controlfield>
          <controlfield tag="008">220128t20162016txu           000 p eng d</controlfield>
          <datafield tag="906" ind1=" " ind2=" ">
            <subfield code="a">7</subfield>
            <subfield code="b">cbc</subfield>
            <subfield code="c">copycat</subfield>
            <subfield code="d">2</subfield>
            <subfield code="e">ncip</subfield>
            <subfield code="f">20</subfield>
            <subfield code="g">y-gencatlg</subfield>
          </datafield>
          <datafield tag="925" ind1="0" ind2=" ">
            <subfield code="a">acquire</subfield>
            <subfield code="b">1 shelf copy</subfield>
            <subfield code="x">policy default</subfield>
          </datafield>
          <datafield tag="955" ind1=" " ind2=" ">
            <subfield code="b">rn08 2022-01-28 z-processor</subfield>
            <subfield code="b">xk02 2022-02-02, 1 copy rec'd in dist.</subfield>
            <subfield code="i">xk02 2022-02-10 to PresSrvs (telework)</subfield>
          </datafield>
          <datafield tag="010" ind1=" " ind2=" ">
            <subfield code="a">  2020300883</subfield>
          </datafield>
          <datafield tag="015" ind1=" " ind2=" ">
            <subfield code="a">GBB8D8341</subfield>
            <subfield code="2">bnb</subfield>
          </datafield>
          <datafield tag="016" ind1="7" ind2=" ">
            <subfield code="a">018177182</subfield>
            <subfield code="2">Uk</subfield>
          </datafield>
          <datafield tag="020" ind1=" " ind2=" ">
            <subfield code="a">9781622881390</subfield>
            <subfield code="q">(paperback)</subfield>
          </datafield>
          <datafield tag="020" ind1=" " ind2=" ">
            <subfield code="a">1622881397</subfield>
            <subfield code="q">(paperback)</subfield>
          </datafield>
          <datafield tag="035" ind1=" " ind2=" ">
            <subfield code="a">(OCoLC)ocn951507020</subfield>
          </datafield>
          <datafield tag="040" ind1=" " ind2=" ">
            <subfield code="a">BTCTA</subfield>
            <subfield code="b">eng</subfield>
            <subfield code="c">BTCTA</subfield>
            <subfield code="e">rda</subfield>
            <subfield code="d">BDX</subfield>
            <subfield code="d">YDXCP</subfield>
            <subfield code="d">CDX</subfield>
            <subfield code="d">UAB</subfield>
            <subfield code="d">OCLCO</subfield>
            <subfield code="d">OCLCF</subfield>
            <subfield code="d">OCLCO</subfield>
            <subfield code="d">VYF</subfield>
            <subfield code="d">UKMGB</subfield>
            <subfield code="d">TJC</subfield>
            <subfield code="d">DLC</subfield>
          </datafield>
          <datafield tag="042" ind1=" " ind2=" ">
            <subfield code="a">lccopycat</subfield>
          </datafield>
          <datafield tag="050" ind1="0" ind2="0">
            <subfield code="a">PS3573.A77126</subfield>
            <subfield code="b">D36 2016</subfield>
          </datafield>
          <datafield tag="082" ind1="0" ind2="4">
            <subfield code="a">811/.54</subfield>
            <subfield code="2">23</subfield>
          </datafield>
          <datafield tag="100" ind1="1" ind2=" ">
            <subfield code="a">Warren, Charlotte Gould,</subfield>
            <subfield code="e">author.</subfield>
          </datafield>
          <datafield tag="240" ind1="1" ind2="0">
            <subfield code="a">Poems.</subfield>
            <subfield code="k">Selections</subfield>
          </datafield>
          <datafield tag="245" ind1="1" ind2="0">
            <subfield code="a">Dangerous bodies :</subfield>
            <subfield code="b">poems /</subfield>
            <subfield code="c">by Charlotte Gould Warren.</subfield>
          </datafield>
          <datafield tag="264" ind1=" " ind2="1">
            <subfield code="a">Nacogdoches, Texas :</subfield>
            <subfield code="b">Stephen F. Austin State University Press,</subfield>
            <subfield code="c">[2016]</subfield>
          </datafield>
          <datafield tag="264" ind1=" " ind2="4">
            <subfield code="c">©2016</subfield>
          </datafield>
          <datafield tag="300" ind1=" " ind2=" ">
            <subfield code="a">104 pages ;</subfield>
            <subfield code="c">23 cm</subfield>
          </datafield>
          <datafield tag="336" ind1=" " ind2=" ">
            <subfield code="a">text</subfield>
            <subfield code="b">txt</subfield>
            <subfield code="2">rdacontent</subfield>
          </datafield>
          <datafield tag="337" ind1=" " ind2=" ">
            <subfield code="a">unmediated</subfield>
            <subfield code="b">n</subfield>
            <subfield code="2">rdamedia</subfield>
          </datafield>
          <datafield tag="338" ind1=" " ind2=" ">
            <subfield code="a">volume</subfield>
            <subfield code="b">nc</subfield>
            <subfield code="2">rdacarrier</subfield>
          </datafield>
          <datafield tag="505" ind1="0" ind2=" ">
            <subfield code="a">A Stretch of Days -- Honeymoon -- Mo to Guzzi -- Recurrence -- Degas Bronzes -- March -- Crossroads -- September -- Canyon Country -- First Tree -- Two Weeks -- After Love Making -- The Sea -- Apache Tears -- Coal and Honey -- Families -- Apache Tears -- The Tree Sways -- Too Close to Home -- What the Tree Knows -- Leaving the Sun -- Thin Ice -- Note -- Morning Glory -- The Critic -- Lilies of the Valley -- Dangerous Bodies -- Wandering Tattler -- Wandering Tattler -- The River Sheenjek -- Mt. Baker -- Alcan -- Life fine -- Rivers -- Trees -- Glaucous -- Spring -- Blue Dragonflies -- Walking In On Colors -- Crows &amp; Raccoons -- To Afghan Families I've Never Met -- Browsing -- Brown Creeper -- The Watercolorist's Wife -- D'Anjou -- The Longer I Watch -- Hills -- Pine Whites -- Summer Pears -- Stepping Stones -- The Blaze of Their Wings -- Pedaling His Bike to a Blur -- Grass Seeds -- Phosphorescence -- Neither Measuring the World Nor Saving It -- "Caution! This table Sand Bluffs Beyond Fence Line" -- Cleaning the Counter -- You Decided to Live -- Stepping Carefully Over the Icy Deck -- Dungeness Bay -- Quotidian -- Sons -- Dark Coming On.</subfield>
          </datafield>
          <datafield tag="650" ind1=" " ind2="0">
            <subfield code="a">Dysfunctional families</subfield>
            <subfield code="v">Poetry.</subfield>
          </datafield>
          <datafield tag="650" ind1=" " ind2="0">
            <subfield code="a">Child abuse</subfield>
            <subfield code="v">Poetry.</subfield>
          </datafield>
          <datafield tag="650" ind1=" " ind2="0">
            <subfield code="a">Nature</subfield>
            <subfield code="v">Poetry.</subfield>
          </datafield>
          <datafield tag="650" ind1=" " ind2="7">
            <subfield code="a">Child abuse.</subfield>
            <subfield code="2">fast</subfield>
            <subfield code="0">(OCoLC)fst00854223</subfield>
          </datafield>
          <datafield tag="650" ind1=" " ind2="7">
            <subfield code="a">Dysfunctional families.</subfield>
            <subfield code="2">fast</subfield>
            <subfield code="0">(OCoLC)fst01728523</subfield>
          </datafield>
          <datafield tag="650" ind1=" " ind2="7">
            <subfield code="a">Nature.</subfield>
            <subfield code="2">fast</subfield>
            <subfield code="0">(OCoLC)fst01034561</subfield>
          </datafield>
          <datafield tag="655" ind1=" " ind2="7">
            <subfield code="a">Poetry.</subfield>
            <subfield code="2">fast</subfield>
            <subfield code="0">(OCoLC)fst01423828</subfield>
          </datafield>
        </record>
      </zs:recordData>
      <zs:recordPosition>3</zs:recordPosition>
    </zs:record>